%YAML 1.1
%TAG !u! tag:unity3d.com,2011:
--- !u!29 &1
OcclusionCullingSettings:
  m_ObjectHideFlags: 0
  serializedVersion: 2
  m_OcclusionBakeSettings:
    smallestOccluder: 5
    smallestHole: 0.25
    backfaceThreshold: 100
  m_SceneGUID: 00000000000000000000000000000000
  m_OcclusionCullingData: {fileID: 0}
--- !u!104 &2
RenderSettings:
  m_ObjectHideFlags: 0
  serializedVersion: 9
  m_Fog: 0
  m_FogColor: {r: 0.5, g: 0.5, b: 0.5, a: 1}
  m_FogMode: 3
  m_FogDensity: 0.01
  m_LinearFogStart: 0
  m_LinearFogEnd: 300
  m_AmbientSkyColor: {r: 0.212, g: 0.227, b: 0.259, a: 1}
  m_AmbientEquatorColor: {r: 0.114, g: 0.125, b: 0.133, a: 1}
  m_AmbientGroundColor: {r: 0.047, g: 0.043, b: 0.035, a: 1}
  m_AmbientIntensity: 1
  m_AmbientMode: 0
  m_SubtractiveShadowColor: {r: 0.42, g: 0.478, b: 0.627, a: 1}
  m_SkyboxMaterial: {fileID: 10304, guid: 0000000000000000f000000000000000, type: 0}
  m_HaloStrength: 0.5
  m_FlareStrength: 1
  m_FlareFadeSpeed: 3
  m_HaloTexture: {fileID: 0}
  m_SpotCookie: {fileID: 10001, guid: 0000000000000000e000000000000000, type: 0}
  m_DefaultReflectionMode: 0
  m_DefaultReflectionResolution: 128
  m_ReflectionBounces: 1
  m_ReflectionIntensity: 1
  m_CustomReflection: {fileID: 0}
  m_Sun: {fileID: 0}
  m_IndirectSpecularColor: {r: 0.44657874, g: 0.49641275, b: 0.5748172, a: 1}
  m_UseRadianceAmbientProbe: 0
--- !u!157 &3
LightmapSettings:
  m_ObjectHideFlags: 0
  serializedVersion: 12
  m_GIWorkflowMode: 1
  m_GISettings:
    serializedVersion: 2
    m_BounceScale: 1
    m_IndirectOutputScale: 1
    m_AlbedoBoost: 1
    m_EnvironmentLightingMode: 0
    m_EnableBakedLightmaps: 1
    m_EnableRealtimeLightmaps: 0
  m_LightmapEditorSettings:
    serializedVersion: 12
    m_Resolution: 2
    m_BakeResolution: 40
    m_AtlasSize: 1024
    m_AO: 0
    m_AOMaxDistance: 1
    m_CompAOExponent: 1
    m_CompAOExponentDirect: 0
    m_ExtractAmbientOcclusion: 0
    m_Padding: 2
    m_LightmapParameters: {fileID: 0}
    m_LightmapsBakeMode: 1
    m_TextureCompression: 1
    m_FinalGather: 0
    m_FinalGatherFiltering: 1
    m_FinalGatherRayCount: 256
    m_ReflectionCompression: 2
    m_MixedBakeMode: 2
    m_BakeBackend: 1
    m_PVRSampling: 1
    m_PVRDirectSampleCount: 32
    m_PVRSampleCount: 512
    m_PVRBounces: 2
    m_PVREnvironmentSampleCount: 256
    m_PVREnvironmentReferencePointCount: 2048
    m_PVRFilteringMode: 1
    m_PVRDenoiserTypeDirect: 1
    m_PVRDenoiserTypeIndirect: 1
    m_PVRDenoiserTypeAO: 1
    m_PVRFilterTypeDirect: 0
    m_PVRFilterTypeIndirect: 0
    m_PVRFilterTypeAO: 0
    m_PVREnvironmentMIS: 1
    m_PVRCulling: 1
    m_PVRFilteringGaussRadiusDirect: 1
    m_PVRFilteringGaussRadiusIndirect: 5
    m_PVRFilteringGaussRadiusAO: 2
    m_PVRFilteringAtrousPositionSigmaDirect: 0.5
    m_PVRFilteringAtrousPositionSigmaIndirect: 2
    m_PVRFilteringAtrousPositionSigmaAO: 1
    m_ExportTrainingData: 0
    m_TrainingDataDestination: TrainingData
    m_LightProbeSampleCountMultiplier: 4
  m_LightingDataAsset: {fileID: 0}
  m_LightingSettings: {fileID: 0}
--- !u!196 &4
NavMeshSettings:
  serializedVersion: 2
  m_ObjectHideFlags: 0
  m_BuildSettings:
    serializedVersion: 2
    agentTypeID: 0
    agentRadius: 0.5
    agentHeight: 2
    agentSlope: 45
    agentClimb: 0.4
    ledgeDropHeight: 0
    maxJumpAcrossDistance: 0
    minRegionArea: 2
    manualCellSize: 0
    cellSize: 0.16666667
    manualTileSize: 0
    tileSize: 256
    accuratePlacement: 0
    maxJobWorkers: 0
    preserveTilesOutsideBounds: 0
    debug:
      m_Flags: 0
  m_NavMeshData: {fileID: 0}
--- !u!1001 &16000490
PrefabInstance:
  m_ObjectHideFlags: 0
  serializedVersion: 2
  m_Modification:
    m_TransformParent: {fileID: 1088196090}
    m_Modifications:
    - target: {fileID: 6016996094377346258, guid: 7bb2198b738d144db84b5121d7da0c95, type: 3}
      propertyPath: m_Name
      value: Crate
      objectReference: {fileID: 0}
    - target: {fileID: 6016996094377346258, guid: 7bb2198b738d144db84b5121d7da0c95, type: 3}
      propertyPath: m_TagString
      value: knock
      objectReference: {fileID: 0}
    - target: {fileID: 6020473176486599644, guid: 7bb2198b738d144db84b5121d7da0c95, type: 3}
      propertyPath: m_RootOrder
      value: 11
      objectReference: {fileID: 0}
    - target: {fileID: 6020473176486599644, guid: 7bb2198b738d144db84b5121d7da0c95, type: 3}
      propertyPath: m_LocalPosition.x
      value: 1.49
      objectReference: {fileID: 0}
    - target: {fileID: 6020473176486599644, guid: 7bb2198b738d144db84b5121d7da0c95, type: 3}
      propertyPath: m_LocalPosition.y
      value: -0.482
      objectReference: {fileID: 0}
    - target: {fileID: 6020473176486599644, guid: 7bb2198b738d144db84b5121d7da0c95, type: 3}
      propertyPath: m_LocalPosition.z
      value: 14.69
      objectReference: {fileID: 0}
    - target: {fileID: 6020473176486599644, guid: 7bb2198b738d144db84b5121d7da0c95, type: 3}
      propertyPath: m_LocalRotation.w
      value: 1
      objectReference: {fileID: 0}
    - target: {fileID: 6020473176486599644, guid: 7bb2198b738d144db84b5121d7da0c95, type: 3}
      propertyPath: m_LocalRotation.x
      value: 0
      objectReference: {fileID: 0}
    - target: {fileID: 6020473176486599644, guid: 7bb2198b738d144db84b5121d7da0c95, type: 3}
      propertyPath: m_LocalRotation.y
      value: -0
      objectReference: {fileID: 0}
    - target: {fileID: 6020473176486599644, guid: 7bb2198b738d144db84b5121d7da0c95, type: 3}
      propertyPath: m_LocalRotation.z
      value: -0
      objectReference: {fileID: 0}
    - target: {fileID: 6020473176486599644, guid: 7bb2198b738d144db84b5121d7da0c95, type: 3}
      propertyPath: m_LocalEulerAnglesHint.x
      value: 0
      objectReference: {fileID: 0}
    - target: {fileID: 6020473176486599644, guid: 7bb2198b738d144db84b5121d7da0c95, type: 3}
      propertyPath: m_LocalEulerAnglesHint.y
      value: 0
      objectReference: {fileID: 0}
    - target: {fileID: 6020473176486599644, guid: 7bb2198b738d144db84b5121d7da0c95, type: 3}
      propertyPath: m_LocalEulerAnglesHint.z
      value: 0
      objectReference: {fileID: 0}
    m_RemovedComponents: []
  m_SourcePrefab: {fileID: 100100000, guid: 7bb2198b738d144db84b5121d7da0c95, type: 3}
--- !u!4 &16000491 stripped
Transform:
  m_CorrespondingSourceObject: {fileID: 6020473176486599644, guid: 7bb2198b738d144db84b5121d7da0c95, type: 3}
  m_PrefabInstance: {fileID: 16000490}
  m_PrefabAsset: {fileID: 0}
--- !u!1001 &67265784
PrefabInstance:
  m_ObjectHideFlags: 0
  serializedVersion: 2
  m_Modification:
    m_TransformParent: {fileID: 0}
    m_Modifications:
    - target: {fileID: 472220088647534084, guid: 38d130844a31e45c592f43a9ca9f1547, type: 3}
      propertyPath: m_RootOrder
      value: 2
      objectReference: {fileID: 0}
    - target: {fileID: 472220088647534084, guid: 38d130844a31e45c592f43a9ca9f1547, type: 3}
      propertyPath: m_LocalPosition.x
      value: 0
      objectReference: {fileID: 0}
    - target: {fileID: 472220088647534084, guid: 38d130844a31e45c592f43a9ca9f1547, type: 3}
      propertyPath: m_LocalPosition.y
      value: 0
      objectReference: {fileID: 0}
    - target: {fileID: 472220088647534084, guid: 38d130844a31e45c592f43a9ca9f1547, type: 3}
      propertyPath: m_LocalPosition.z
      value: 0
      objectReference: {fileID: 0}
    - target: {fileID: 472220088647534084, guid: 38d130844a31e45c592f43a9ca9f1547, type: 3}
      propertyPath: m_LocalRotation.w
      value: 1
      objectReference: {fileID: 0}
    - target: {fileID: 472220088647534084, guid: 38d130844a31e45c592f43a9ca9f1547, type: 3}
      propertyPath: m_LocalRotation.x
      value: 0
      objectReference: {fileID: 0}
    - target: {fileID: 472220088647534084, guid: 38d130844a31e45c592f43a9ca9f1547, type: 3}
      propertyPath: m_LocalRotation.y
      value: 0
      objectReference: {fileID: 0}
    - target: {fileID: 472220088647534084, guid: 38d130844a31e45c592f43a9ca9f1547, type: 3}
      propertyPath: m_LocalRotation.z
      value: 0
      objectReference: {fileID: 0}
    - target: {fileID: 472220088647534084, guid: 38d130844a31e45c592f43a9ca9f1547, type: 3}
      propertyPath: m_LocalEulerAnglesHint.x
      value: 0
      objectReference: {fileID: 0}
    - target: {fileID: 472220088647534084, guid: 38d130844a31e45c592f43a9ca9f1547, type: 3}
      propertyPath: m_LocalEulerAnglesHint.y
      value: 0
      objectReference: {fileID: 0}
    - target: {fileID: 472220088647534084, guid: 38d130844a31e45c592f43a9ca9f1547, type: 3}
      propertyPath: m_LocalEulerAnglesHint.z
      value: 0
      objectReference: {fileID: 0}
    - target: {fileID: 472220088647534085, guid: 38d130844a31e45c592f43a9ca9f1547, type: 3}
      propertyPath: m_Name
      value: Platform
      objectReference: {fileID: 0}
    - target: {fileID: 472220088647534085, guid: 38d130844a31e45c592f43a9ca9f1547, type: 3}
      propertyPath: m_IsActive
      value: 0
      objectReference: {fileID: 0}
    - target: {fileID: 472220089734196857, guid: 38d130844a31e45c592f43a9ca9f1547, type: 3}
      propertyPath: m_LocalScale.y
      value: 100
      objectReference: {fileID: 0}
    - target: {fileID: 472220089734196857, guid: 38d130844a31e45c592f43a9ca9f1547, type: 3}
      propertyPath: m_LocalPosition.z
      value: 47.5
      objectReference: {fileID: 0}
    - target: {fileID: 3275120729182820632, guid: 38d130844a31e45c592f43a9ca9f1547, type: 3}
      propertyPath: m_IsActive
      value: 1
      objectReference: {fileID: 0}
    m_RemovedComponents: []
  m_SourcePrefab: {fileID: 100100000, guid: 38d130844a31e45c592f43a9ca9f1547, type: 3}
--- !u!4 &67265785 stripped
Transform:
  m_CorrespondingSourceObject: {fileID: 5957941808131447222, guid: 38d130844a31e45c592f43a9ca9f1547, type: 3}
  m_PrefabInstance: {fileID: 67265784}
  m_PrefabAsset: {fileID: 0}
--- !u!1 &67265786 stripped
GameObject:
  m_CorrespondingSourceObject: {fileID: 3275120729182820632, guid: 38d130844a31e45c592f43a9ca9f1547, type: 3}
  m_PrefabInstance: {fileID: 67265784}
  m_PrefabAsset: {fileID: 0}
--- !u!114 &67265787
MonoBehaviour:
  m_ObjectHideFlags: 0
  m_CorrespondingSourceObject: {fileID: 0}
  m_PrefabInstance: {fileID: 0}
  m_PrefabAsset: {fileID: 0}
  m_GameObject: {fileID: 67265786}
  m_Enabled: 1
  m_EditorHideFlags: 0
  m_Script: {fileID: 11500000, guid: 035a3e1ad457944e3b642ea4c1fe2cde, type: 3}
  m_Name: 
  m_EditorClassIdentifier: 
--- !u!1001 &119348887
PrefabInstance:
  m_ObjectHideFlags: 0
  serializedVersion: 2
  m_Modification:
    m_TransformParent: {fileID: 1088196090}
    m_Modifications:
    - target: {fileID: 6016996094377346258, guid: 7bb2198b738d144db84b5121d7da0c95, type: 3}
      propertyPath: m_Name
      value: Crate
      objectReference: {fileID: 0}
    - target: {fileID: 6016996094377346258, guid: 7bb2198b738d144db84b5121d7da0c95, type: 3}
      propertyPath: m_TagString
      value: kill
      objectReference: {fileID: 0}
    - target: {fileID: 6020473176486599644, guid: 7bb2198b738d144db84b5121d7da0c95, type: 3}
      propertyPath: m_RootOrder
      value: 1
      objectReference: {fileID: 0}
    - target: {fileID: 6020473176486599644, guid: 7bb2198b738d144db84b5121d7da0c95, type: 3}
      propertyPath: m_LocalPosition.x
      value: 1.49
      objectReference: {fileID: 0}
    - target: {fileID: 6020473176486599644, guid: 7bb2198b738d144db84b5121d7da0c95, type: 3}
      propertyPath: m_LocalPosition.y
      value: -0.482
      objectReference: {fileID: 0}
    - target: {fileID: 6020473176486599644, guid: 7bb2198b738d144db84b5121d7da0c95, type: 3}
      propertyPath: m_LocalPosition.z
      value: 12.29
      objectReference: {fileID: 0}
    - target: {fileID: 6020473176486599644, guid: 7bb2198b738d144db84b5121d7da0c95, type: 3}
      propertyPath: m_LocalRotation.w
      value: 1
      objectReference: {fileID: 0}
    - target: {fileID: 6020473176486599644, guid: 7bb2198b738d144db84b5121d7da0c95, type: 3}
      propertyPath: m_LocalRotation.x
      value: 0
      objectReference: {fileID: 0}
    - target: {fileID: 6020473176486599644, guid: 7bb2198b738d144db84b5121d7da0c95, type: 3}
      propertyPath: m_LocalRotation.y
      value: -0
      objectReference: {fileID: 0}
    - target: {fileID: 6020473176486599644, guid: 7bb2198b738d144db84b5121d7da0c95, type: 3}
      propertyPath: m_LocalRotation.z
      value: -0
      objectReference: {fileID: 0}
    - target: {fileID: 6020473176486599644, guid: 7bb2198b738d144db84b5121d7da0c95, type: 3}
      propertyPath: m_LocalEulerAnglesHint.x
      value: 0
      objectReference: {fileID: 0}
    - target: {fileID: 6020473176486599644, guid: 7bb2198b738d144db84b5121d7da0c95, type: 3}
      propertyPath: m_LocalEulerAnglesHint.y
      value: 0
      objectReference: {fileID: 0}
    - target: {fileID: 6020473176486599644, guid: 7bb2198b738d144db84b5121d7da0c95, type: 3}
      propertyPath: m_LocalEulerAnglesHint.z
      value: 0
      objectReference: {fileID: 0}
    m_RemovedComponents: []
  m_SourcePrefab: {fileID: 100100000, guid: 7bb2198b738d144db84b5121d7da0c95, type: 3}
--- !u!4 &119348888 stripped
Transform:
  m_CorrespondingSourceObject: {fileID: 6020473176486599644, guid: 7bb2198b738d144db84b5121d7da0c95, type: 3}
  m_PrefabInstance: {fileID: 119348887}
  m_PrefabAsset: {fileID: 0}
--- !u!1001 &134557486
PrefabInstance:
  m_ObjectHideFlags: 0
  serializedVersion: 2
  m_Modification:
    m_TransformParent: {fileID: 1088196090}
    m_Modifications:
    - target: {fileID: 6016996094377346258, guid: 7bb2198b738d144db84b5121d7da0c95, type: 3}
      propertyPath: m_Name
      value: Crate
      objectReference: {fileID: 0}
    - target: {fileID: 6016996094377346258, guid: 7bb2198b738d144db84b5121d7da0c95, type: 3}
      propertyPath: m_TagString
      value: knock
      objectReference: {fileID: 0}
    - target: {fileID: 6020473176486599644, guid: 7bb2198b738d144db84b5121d7da0c95, type: 3}
      propertyPath: m_RootOrder
      value: 0
      objectReference: {fileID: 0}
    - target: {fileID: 6020473176486599644, guid: 7bb2198b738d144db84b5121d7da0c95, type: 3}
      propertyPath: m_LocalPosition.x
      value: -0.12
      objectReference: {fileID: 0}
    - target: {fileID: 6020473176486599644, guid: 7bb2198b738d144db84b5121d7da0c95, type: 3}
      propertyPath: m_LocalPosition.y
      value: -0.482
      objectReference: {fileID: 0}
    - target: {fileID: 6020473176486599644, guid: 7bb2198b738d144db84b5121d7da0c95, type: 3}
      propertyPath: m_LocalPosition.z
      value: 12.29
      objectReference: {fileID: 0}
    - target: {fileID: 6020473176486599644, guid: 7bb2198b738d144db84b5121d7da0c95, type: 3}
      propertyPath: m_LocalRotation.w
      value: 1
      objectReference: {fileID: 0}
    - target: {fileID: 6020473176486599644, guid: 7bb2198b738d144db84b5121d7da0c95, type: 3}
      propertyPath: m_LocalRotation.x
      value: 0
      objectReference: {fileID: 0}
    - target: {fileID: 6020473176486599644, guid: 7bb2198b738d144db84b5121d7da0c95, type: 3}
      propertyPath: m_LocalRotation.y
      value: -0
      objectReference: {fileID: 0}
    - target: {fileID: 6020473176486599644, guid: 7bb2198b738d144db84b5121d7da0c95, type: 3}
      propertyPath: m_LocalRotation.z
      value: -0
      objectReference: {fileID: 0}
    - target: {fileID: 6020473176486599644, guid: 7bb2198b738d144db84b5121d7da0c95, type: 3}
      propertyPath: m_LocalEulerAnglesHint.x
      value: 0
      objectReference: {fileID: 0}
    - target: {fileID: 6020473176486599644, guid: 7bb2198b738d144db84b5121d7da0c95, type: 3}
      propertyPath: m_LocalEulerAnglesHint.y
      value: 0
      objectReference: {fileID: 0}
    - target: {fileID: 6020473176486599644, guid: 7bb2198b738d144db84b5121d7da0c95, type: 3}
      propertyPath: m_LocalEulerAnglesHint.z
      value: 0
      objectReference: {fileID: 0}
    m_RemovedComponents: []
  m_SourcePrefab: {fileID: 100100000, guid: 7bb2198b738d144db84b5121d7da0c95, type: 3}
--- !u!4 &134557487 stripped
Transform:
  m_CorrespondingSourceObject: {fileID: 6020473176486599644, guid: 7bb2198b738d144db84b5121d7da0c95, type: 3}
  m_PrefabInstance: {fileID: 134557486}
  m_PrefabAsset: {fileID: 0}
--- !u!1 &184294656
GameObject:
  m_ObjectHideFlags: 0
  m_CorrespondingSourceObject: {fileID: 0}
  m_PrefabInstance: {fileID: 0}
  m_PrefabAsset: {fileID: 0}
  serializedVersion: 6
  m_Component:
  - component: {fileID: 184294659}
  - component: {fileID: 184294658}
  - component: {fileID: 184294657}
  m_Layer: 0
  m_Name: Main Camera
  m_TagString: MainCamera
  m_Icon: {fileID: 0}
  m_NavMeshLayer: 0
  m_StaticEditorFlags: 0
  m_IsActive: 1
--- !u!81 &184294657
AudioListener:
  m_ObjectHideFlags: 0
  m_CorrespondingSourceObject: {fileID: 0}
  m_PrefabInstance: {fileID: 0}
  m_PrefabAsset: {fileID: 0}
  m_GameObject: {fileID: 184294656}
  m_Enabled: 1
--- !u!20 &184294658
Camera:
  m_ObjectHideFlags: 0
  m_CorrespondingSourceObject: {fileID: 0}
  m_PrefabInstance: {fileID: 0}
  m_PrefabAsset: {fileID: 0}
  m_GameObject: {fileID: 184294656}
  m_Enabled: 1
  serializedVersion: 2
  m_ClearFlags: 1
  m_BackGroundColor: {r: 0.19215687, g: 0.3019608, b: 0.4745098, a: 0}
  m_projectionMatrixMode: 1
  m_GateFitMode: 2
  m_FOVAxisMode: 0
  m_SensorSize: {x: 36, y: 24}
  m_LensShift: {x: 0, y: 0}
  m_FocalLength: 50
  m_NormalizedViewPortRect:
    serializedVersion: 2
    x: 0
    y: 0
    width: 1
    height: 1
  near clip plane: 0.3
  far clip plane: 1000
  field of view: 60
  orthographic: 0
  orthographic size: 5
  m_Depth: -1
  m_CullingMask:
    serializedVersion: 2
    m_Bits: 4294967295
  m_RenderingPath: -1
  m_TargetTexture: {fileID: 0}
  m_TargetDisplay: 0
  m_TargetEye: 3
  m_HDR: 1
  m_AllowMSAA: 1
  m_AllowDynamicResolution: 0
  m_ForceIntoRT: 0
  m_OcclusionCulling: 1
  m_StereoConvergence: 10
  m_StereoSeparation: 0.022
--- !u!4 &184294659
Transform:
  m_ObjectHideFlags: 0
  m_CorrespondingSourceObject: {fileID: 0}
  m_PrefabInstance: {fileID: 0}
  m_PrefabAsset: {fileID: 0}
  m_GameObject: {fileID: 184294656}
  m_LocalRotation: {x: 0, y: 0, z: 0, w: 1}
  m_LocalPosition: {x: 0, y: 1, z: -10}
  m_LocalScale: {x: 1, y: 1, z: 1}
  m_Children: []
  m_Father: {fileID: 0}
  m_RootOrder: 0
  m_LocalEulerAnglesHint: {x: 0, y: 0, z: 0}
--- !u!1001 &308294762
PrefabInstance:
  m_ObjectHideFlags: 0
  serializedVersion: 2
  m_Modification:
    m_TransformParent: {fileID: 1088196090}
    m_Modifications:
    - target: {fileID: 6016996094377346258, guid: 7bb2198b738d144db84b5121d7da0c95, type: 3}
      propertyPath: m_Name
      value: Crate
      objectReference: {fileID: 0}
    - target: {fileID: 6016996094377346258, guid: 7bb2198b738d144db84b5121d7da0c95, type: 3}
      propertyPath: m_TagString
      value: knock
      objectReference: {fileID: 0}
    - target: {fileID: 6020473176486599644, guid: 7bb2198b738d144db84b5121d7da0c95, type: 3}
      propertyPath: m_RootOrder
      value: 12
      objectReference: {fileID: 0}
    - target: {fileID: 6020473176486599644, guid: 7bb2198b738d144db84b5121d7da0c95, type: 3}
      propertyPath: m_LocalPosition.x
      value: -1.67
      objectReference: {fileID: 0}
    - target: {fileID: 6020473176486599644, guid: 7bb2198b738d144db84b5121d7da0c95, type: 3}
      propertyPath: m_LocalPosition.y
      value: -0.482
      objectReference: {fileID: 0}
    - target: {fileID: 6020473176486599644, guid: 7bb2198b738d144db84b5121d7da0c95, type: 3}
      propertyPath: m_LocalPosition.z
      value: 14.69
      objectReference: {fileID: 0}
    - target: {fileID: 6020473176486599644, guid: 7bb2198b738d144db84b5121d7da0c95, type: 3}
      propertyPath: m_LocalRotation.w
      value: 1
      objectReference: {fileID: 0}
    - target: {fileID: 6020473176486599644, guid: 7bb2198b738d144db84b5121d7da0c95, type: 3}
      propertyPath: m_LocalRotation.x
      value: 0
      objectReference: {fileID: 0}
    - target: {fileID: 6020473176486599644, guid: 7bb2198b738d144db84b5121d7da0c95, type: 3}
      propertyPath: m_LocalRotation.y
      value: -0
      objectReference: {fileID: 0}
    - target: {fileID: 6020473176486599644, guid: 7bb2198b738d144db84b5121d7da0c95, type: 3}
      propertyPath: m_LocalRotation.z
      value: -0
      objectReference: {fileID: 0}
    - target: {fileID: 6020473176486599644, guid: 7bb2198b738d144db84b5121d7da0c95, type: 3}
      propertyPath: m_LocalEulerAnglesHint.x
      value: 0
      objectReference: {fileID: 0}
    - target: {fileID: 6020473176486599644, guid: 7bb2198b738d144db84b5121d7da0c95, type: 3}
      propertyPath: m_LocalEulerAnglesHint.y
      value: 0
      objectReference: {fileID: 0}
    - target: {fileID: 6020473176486599644, guid: 7bb2198b738d144db84b5121d7da0c95, type: 3}
      propertyPath: m_LocalEulerAnglesHint.z
      value: 0
      objectReference: {fileID: 0}
    m_RemovedComponents: []
  m_SourcePrefab: {fileID: 100100000, guid: 7bb2198b738d144db84b5121d7da0c95, type: 3}
--- !u!4 &308294763 stripped
Transform:
  m_CorrespondingSourceObject: {fileID: 6020473176486599644, guid: 7bb2198b738d144db84b5121d7da0c95, type: 3}
  m_PrefabInstance: {fileID: 308294762}
  m_PrefabAsset: {fileID: 0}
--- !u!1001 &400390808
PrefabInstance:
  m_ObjectHideFlags: 0
  serializedVersion: 2
  m_Modification:
    m_TransformParent: {fileID: 1088196090}
    m_Modifications:
    - target: {fileID: 7639531188474858879, guid: 1c53bb5660b9b439e9bee30a0fae0fd0, type: 3}
      propertyPath: m_Name
      value: Cube
      objectReference: {fileID: 0}
    - target: {fileID: 7639531188474858879, guid: 1c53bb5660b9b439e9bee30a0fae0fd0, type: 3}
      propertyPath: m_IsActive
      value: 1
      objectReference: {fileID: 0}
    - target: {fileID: 7639531188474858879, guid: 1c53bb5660b9b439e9bee30a0fae0fd0, type: 3}
      propertyPath: m_TagString
      value: kill
      objectReference: {fileID: 0}
    - target: {fileID: 7643653647665453695, guid: 1c53bb5660b9b439e9bee30a0fae0fd0, type: 3}
      propertyPath: m_RootOrder
      value: 6
      objectReference: {fileID: 0}
    - target: {fileID: 7643653647665453695, guid: 1c53bb5660b9b439e9bee30a0fae0fd0, type: 3}
      propertyPath: m_LocalPosition.x
      value: 1.21
      objectReference: {fileID: 0}
    - target: {fileID: 7643653647665453695, guid: 1c53bb5660b9b439e9bee30a0fae0fd0, type: 3}
      propertyPath: m_LocalPosition.y
      value: -0.981
      objectReference: {fileID: 0}
    - target: {fileID: 7643653647665453695, guid: 1c53bb5660b9b439e9bee30a0fae0fd0, type: 3}
      propertyPath: m_LocalPosition.z
      value: 26.24
      objectReference: {fileID: 0}
    - target: {fileID: 7643653647665453695, guid: 1c53bb5660b9b439e9bee30a0fae0fd0, type: 3}
      propertyPath: m_LocalRotation.w
      value: 1
      objectReference: {fileID: 0}
    - target: {fileID: 7643653647665453695, guid: 1c53bb5660b9b439e9bee30a0fae0fd0, type: 3}
      propertyPath: m_LocalRotation.x
      value: 0
      objectReference: {fileID: 0}
    - target: {fileID: 7643653647665453695, guid: 1c53bb5660b9b439e9bee30a0fae0fd0, type: 3}
      propertyPath: m_LocalRotation.y
      value: -0
      objectReference: {fileID: 0}
    - target: {fileID: 7643653647665453695, guid: 1c53bb5660b9b439e9bee30a0fae0fd0, type: 3}
      propertyPath: m_LocalRotation.z
      value: -0
      objectReference: {fileID: 0}
    - target: {fileID: 7643653647665453695, guid: 1c53bb5660b9b439e9bee30a0fae0fd0, type: 3}
      propertyPath: m_LocalEulerAnglesHint.x
      value: 0
      objectReference: {fileID: 0}
    - target: {fileID: 7643653647665453695, guid: 1c53bb5660b9b439e9bee30a0fae0fd0, type: 3}
      propertyPath: m_LocalEulerAnglesHint.y
      value: 0
      objectReference: {fileID: 0}
    - target: {fileID: 7643653647665453695, guid: 1c53bb5660b9b439e9bee30a0fae0fd0, type: 3}
      propertyPath: m_LocalEulerAnglesHint.z
      value: 0
      objectReference: {fileID: 0}
    m_RemovedComponents: []
  m_SourcePrefab: {fileID: 100100000, guid: 1c53bb5660b9b439e9bee30a0fae0fd0, type: 3}
--- !u!4 &400390809 stripped
Transform:
  m_CorrespondingSourceObject: {fileID: 7643653647665453695, guid: 1c53bb5660b9b439e9bee30a0fae0fd0, type: 3}
  m_PrefabInstance: {fileID: 400390808}
  m_PrefabAsset: {fileID: 0}
--- !u!1001 &442564548
PrefabInstance:
  m_ObjectHideFlags: 0
  serializedVersion: 2
  m_Modification:
    m_TransformParent: {fileID: 1088196090}
    m_Modifications:
    - target: {fileID: 7639531188474858879, guid: 1c53bb5660b9b439e9bee30a0fae0fd0, type: 3}
      propertyPath: m_Name
      value: Cube
      objectReference: {fileID: 0}
    - target: {fileID: 7639531188474858879, guid: 1c53bb5660b9b439e9bee30a0fae0fd0, type: 3}
      propertyPath: m_IsActive
      value: 1
      objectReference: {fileID: 0}
    - target: {fileID: 7639531188474858879, guid: 1c53bb5660b9b439e9bee30a0fae0fd0, type: 3}
      propertyPath: m_TagString
      value: kill
      objectReference: {fileID: 0}
    - target: {fileID: 7643653647665453695, guid: 1c53bb5660b9b439e9bee30a0fae0fd0, type: 3}
      propertyPath: m_RootOrder
      value: 8
      objectReference: {fileID: 0}
    - target: {fileID: 7643653647665453695, guid: 1c53bb5660b9b439e9bee30a0fae0fd0, type: 3}
      propertyPath: m_LocalPosition.x
      value: -2.16
      objectReference: {fileID: 0}
    - target: {fileID: 7643653647665453695, guid: 1c53bb5660b9b439e9bee30a0fae0fd0, type: 3}
      propertyPath: m_LocalPosition.y
      value: -0.981
      objectReference: {fileID: 0}
    - target: {fileID: 7643653647665453695, guid: 1c53bb5660b9b439e9bee30a0fae0fd0, type: 3}
      propertyPath: m_LocalPosition.z
      value: 26.24
      objectReference: {fileID: 0}
    - target: {fileID: 7643653647665453695, guid: 1c53bb5660b9b439e9bee30a0fae0fd0, type: 3}
      propertyPath: m_LocalRotation.w
      value: 1
      objectReference: {fileID: 0}
    - target: {fileID: 7643653647665453695, guid: 1c53bb5660b9b439e9bee30a0fae0fd0, type: 3}
      propertyPath: m_LocalRotation.x
      value: 0
      objectReference: {fileID: 0}
    - target: {fileID: 7643653647665453695, guid: 1c53bb5660b9b439e9bee30a0fae0fd0, type: 3}
      propertyPath: m_LocalRotation.y
      value: -0
      objectReference: {fileID: 0}
    - target: {fileID: 7643653647665453695, guid: 1c53bb5660b9b439e9bee30a0fae0fd0, type: 3}
      propertyPath: m_LocalRotation.z
      value: -0
      objectReference: {fileID: 0}
    - target: {fileID: 7643653647665453695, guid: 1c53bb5660b9b439e9bee30a0fae0fd0, type: 3}
      propertyPath: m_LocalEulerAnglesHint.x
      value: 0
      objectReference: {fileID: 0}
    - target: {fileID: 7643653647665453695, guid: 1c53bb5660b9b439e9bee30a0fae0fd0, type: 3}
      propertyPath: m_LocalEulerAnglesHint.y
      value: 0
      objectReference: {fileID: 0}
    - target: {fileID: 7643653647665453695, guid: 1c53bb5660b9b439e9bee30a0fae0fd0, type: 3}
      propertyPath: m_LocalEulerAnglesHint.z
      value: 0
      objectReference: {fileID: 0}
    m_RemovedComponents: []
  m_SourcePrefab: {fileID: 100100000, guid: 1c53bb5660b9b439e9bee30a0fae0fd0, type: 3}
--- !u!4 &442564549 stripped
Transform:
  m_CorrespondingSourceObject: {fileID: 7643653647665453695, guid: 1c53bb5660b9b439e9bee30a0fae0fd0, type: 3}
  m_PrefabInstance: {fileID: 442564548}
  m_PrefabAsset: {fileID: 0}
--- !u!1001 &711873015
PrefabInstance:
  m_ObjectHideFlags: 0
  serializedVersion: 2
  m_Modification:
    m_TransformParent: {fileID: 1088196090}
    m_Modifications:
    - target: {fileID: 7639531188474858879, guid: 1c53bb5660b9b439e9bee30a0fae0fd0, type: 3}
      propertyPath: m_Name
      value: Cube
      objectReference: {fileID: 0}
    - target: {fileID: 7639531188474858879, guid: 1c53bb5660b9b439e9bee30a0fae0fd0, type: 3}
      propertyPath: m_IsActive
      value: 1
      objectReference: {fileID: 0}
    - target: {fileID: 7639531188474858879, guid: 1c53bb5660b9b439e9bee30a0fae0fd0, type: 3}
      propertyPath: m_TagString
      value: knock
      objectReference: {fileID: 0}
    - target: {fileID: 7643653647665453695, guid: 1c53bb5660b9b439e9bee30a0fae0fd0, type: 3}
      propertyPath: m_RootOrder
      value: 9
      objectReference: {fileID: 0}
    - target: {fileID: 7643653647665453695, guid: 1c53bb5660b9b439e9bee30a0fae0fd0, type: 3}
      propertyPath: m_LocalScale.x
      value: 3
      objectReference: {fileID: 0}
    - target: {fileID: 7643653647665453695, guid: 1c53bb5660b9b439e9bee30a0fae0fd0, type: 3}
      propertyPath: m_LocalPosition.x
      value: -1.45
      objectReference: {fileID: 0}
    - target: {fileID: 7643653647665453695, guid: 1c53bb5660b9b439e9bee30a0fae0fd0, type: 3}
      propertyPath: m_LocalPosition.y
      value: 0.08
      objectReference: {fileID: 0}
    - target: {fileID: 7643653647665453695, guid: 1c53bb5660b9b439e9bee30a0fae0fd0, type: 3}
      propertyPath: m_LocalPosition.z
      value: 26.24
      objectReference: {fileID: 0}
    - target: {fileID: 7643653647665453695, guid: 1c53bb5660b9b439e9bee30a0fae0fd0, type: 3}
      propertyPath: m_LocalRotation.w
      value: 1
      objectReference: {fileID: 0}
    - target: {fileID: 7643653647665453695, guid: 1c53bb5660b9b439e9bee30a0fae0fd0, type: 3}
      propertyPath: m_LocalRotation.x
      value: 0
      objectReference: {fileID: 0}
    - target: {fileID: 7643653647665453695, guid: 1c53bb5660b9b439e9bee30a0fae0fd0, type: 3}
      propertyPath: m_LocalRotation.y
      value: -0
      objectReference: {fileID: 0}
    - target: {fileID: 7643653647665453695, guid: 1c53bb5660b9b439e9bee30a0fae0fd0, type: 3}
      propertyPath: m_LocalRotation.z
      value: -0
      objectReference: {fileID: 0}
    - target: {fileID: 7643653647665453695, guid: 1c53bb5660b9b439e9bee30a0fae0fd0, type: 3}
      propertyPath: m_LocalEulerAnglesHint.x
      value: 0
      objectReference: {fileID: 0}
    - target: {fileID: 7643653647665453695, guid: 1c53bb5660b9b439e9bee30a0fae0fd0, type: 3}
      propertyPath: m_LocalEulerAnglesHint.y
      value: 0
      objectReference: {fileID: 0}
    - target: {fileID: 7643653647665453695, guid: 1c53bb5660b9b439e9bee30a0fae0fd0, type: 3}
      propertyPath: m_LocalEulerAnglesHint.z
      value: 0
      objectReference: {fileID: 0}
    m_RemovedComponents: []
  m_SourcePrefab: {fileID: 100100000, guid: 1c53bb5660b9b439e9bee30a0fae0fd0, type: 3}
--- !u!4 &711873016 stripped
Transform:
  m_CorrespondingSourceObject: {fileID: 7643653647665453695, guid: 1c53bb5660b9b439e9bee30a0fae0fd0, type: 3}
  m_PrefabInstance: {fileID: 711873015}
  m_PrefabAsset: {fileID: 0}
--- !u!1001 &726211652
PrefabInstance:
  m_ObjectHideFlags: 0
  serializedVersion: 2
  m_Modification:
    m_TransformParent: {fileID: 67265785}
    m_Modifications:
    - target: {fileID: 5932871857862708595, guid: cbc5ecc6335a84e7ba8844bec8889f66, type: 3}
      propertyPath: m_RootOrder
      value: 1
      objectReference: {fileID: 0}
    - target: {fileID: 5932871857862708595, guid: cbc5ecc6335a84e7ba8844bec8889f66, type: 3}
      propertyPath: m_LocalPosition.x
      value: -0
      objectReference: {fileID: 0}
    - target: {fileID: 5932871857862708595, guid: cbc5ecc6335a84e7ba8844bec8889f66, type: 3}
      propertyPath: m_LocalPosition.y
      value: -0.954
      objectReference: {fileID: 0}
    - target: {fileID: 5932871857862708595, guid: cbc5ecc6335a84e7ba8844bec8889f66, type: 3}
      propertyPath: m_LocalPosition.z
      value: 6.1
      objectReference: {fileID: 0}
    - target: {fileID: 5932871857862708595, guid: cbc5ecc6335a84e7ba8844bec8889f66, type: 3}
      propertyPath: m_LocalRotation.w
      value: 1
      objectReference: {fileID: 0}
    - target: {fileID: 5932871857862708595, guid: cbc5ecc6335a84e7ba8844bec8889f66, type: 3}
      propertyPath: m_LocalRotation.x
      value: 0
      objectReference: {fileID: 0}
    - target: {fileID: 5932871857862708595, guid: cbc5ecc6335a84e7ba8844bec8889f66, type: 3}
      propertyPath: m_LocalRotation.y
      value: -0
      objectReference: {fileID: 0}
    - target: {fileID: 5932871857862708595, guid: cbc5ecc6335a84e7ba8844bec8889f66, type: 3}
      propertyPath: m_LocalRotation.z
      value: -0
      objectReference: {fileID: 0}
    - target: {fileID: 5932871857862708595, guid: cbc5ecc6335a84e7ba8844bec8889f66, type: 3}
      propertyPath: m_LocalEulerAnglesHint.x
      value: 0
      objectReference: {fileID: 0}
    - target: {fileID: 5932871857862708595, guid: cbc5ecc6335a84e7ba8844bec8889f66, type: 3}
      propertyPath: m_LocalEulerAnglesHint.y
      value: 0
      objectReference: {fileID: 0}
    - target: {fileID: 5932871857862708595, guid: cbc5ecc6335a84e7ba8844bec8889f66, type: 3}
      propertyPath: m_LocalEulerAnglesHint.z
      value: 0
      objectReference: {fileID: 0}
    - target: {fileID: 5935101283467732477, guid: cbc5ecc6335a84e7ba8844bec8889f66, type: 3}
      propertyPath: m_Name
      value: Tri
      objectReference: {fileID: 0}
    - target: {fileID: 5935101283467732477, guid: cbc5ecc6335a84e7ba8844bec8889f66, type: 3}
      propertyPath: m_TagString
      value: knock
      objectReference: {fileID: 0}
    m_RemovedComponents: []
  m_SourcePrefab: {fileID: 100100000, guid: cbc5ecc6335a84e7ba8844bec8889f66, type: 3}
--- !u!1001 &766004078
PrefabInstance:
  m_ObjectHideFlags: 0
  serializedVersion: 2
  m_Modification:
    m_TransformParent: {fileID: 1088196090}
    m_Modifications:
    - target: {fileID: 3819804344012945496, guid: 2d525a99f930a428a8bf35795f1418cd, type: 3}
      propertyPath: m_Name
      value: Cylinder
      objectReference: {fileID: 0}
    - target: {fileID: 3819804344012945496, guid: 2d525a99f930a428a8bf35795f1418cd, type: 3}
      propertyPath: m_IsActive
      value: 1
      objectReference: {fileID: 0}
    - target: {fileID: 3819804344012945496, guid: 2d525a99f930a428a8bf35795f1418cd, type: 3}
      propertyPath: m_TagString
      value: knock
      objectReference: {fileID: 0}
    - target: {fileID: 3825046587051241998, guid: 2d525a99f930a428a8bf35795f1418cd, type: 3}
      propertyPath: m_RootOrder
      value: 4
      objectReference: {fileID: 0}
    - target: {fileID: 3825046587051241998, guid: 2d525a99f930a428a8bf35795f1418cd, type: 3}
      propertyPath: m_LocalPosition.x
      value: -0.07999992
      objectReference: {fileID: 0}
    - target: {fileID: 3825046587051241998, guid: 2d525a99f930a428a8bf35795f1418cd, type: 3}
      propertyPath: m_LocalPosition.y
      value: -0.466
      objectReference: {fileID: 0}
    - target: {fileID: 3825046587051241998, guid: 2d525a99f930a428a8bf35795f1418cd, type: 3}
      propertyPath: m_LocalPosition.z
      value: 52.86
      objectReference: {fileID: 0}
    - target: {fileID: 3825046587051241998, guid: 2d525a99f930a428a8bf35795f1418cd, type: 3}
      propertyPath: m_LocalRotation.w
      value: 1
      objectReference: {fileID: 0}
    - target: {fileID: 3825046587051241998, guid: 2d525a99f930a428a8bf35795f1418cd, type: 3}
      propertyPath: m_LocalRotation.x
      value: 0
      objectReference: {fileID: 0}
    - target: {fileID: 3825046587051241998, guid: 2d525a99f930a428a8bf35795f1418cd, type: 3}
      propertyPath: m_LocalRotation.y
      value: -0
      objectReference: {fileID: 0}
    - target: {fileID: 3825046587051241998, guid: 2d525a99f930a428a8bf35795f1418cd, type: 3}
      propertyPath: m_LocalRotation.z
      value: -0
      objectReference: {fileID: 0}
    - target: {fileID: 3825046587051241998, guid: 2d525a99f930a428a8bf35795f1418cd, type: 3}
      propertyPath: m_LocalEulerAnglesHint.x
      value: 0
      objectReference: {fileID: 0}
    - target: {fileID: 3825046587051241998, guid: 2d525a99f930a428a8bf35795f1418cd, type: 3}
      propertyPath: m_LocalEulerAnglesHint.y
      value: 0
      objectReference: {fileID: 0}
    - target: {fileID: 3825046587051241998, guid: 2d525a99f930a428a8bf35795f1418cd, type: 3}
      propertyPath: m_LocalEulerAnglesHint.z
      value: 0
      objectReference: {fileID: 0}
    m_RemovedComponents: []
  m_SourcePrefab: {fileID: 100100000, guid: 2d525a99f930a428a8bf35795f1418cd, type: 3}
--- !u!4 &766004079 stripped
Transform:
  m_CorrespondingSourceObject: {fileID: 3825046587051241998, guid: 2d525a99f930a428a8bf35795f1418cd, type: 3}
  m_PrefabInstance: {fileID: 766004078}
  m_PrefabAsset: {fileID: 0}
--- !u!1001 &950224965
PrefabInstance:
  m_ObjectHideFlags: 0
  serializedVersion: 2
  m_Modification:
    m_TransformParent: {fileID: 1088196090}
    m_Modifications:
    - target: {fileID: 6016996094377346258, guid: 7bb2198b738d144db84b5121d7da0c95, type: 3}
      propertyPath: m_Name
      value: Crate
      objectReference: {fileID: 0}
    - target: {fileID: 6016996094377346258, guid: 7bb2198b738d144db84b5121d7da0c95, type: 3}
      propertyPath: m_TagString
      value: knock
      objectReference: {fileID: 0}
    - target: {fileID: 6020473176486599644, guid: 7bb2198b738d144db84b5121d7da0c95, type: 3}
      propertyPath: m_RootOrder
      value: 10
      objectReference: {fileID: 0}
    - target: {fileID: 6020473176486599644, guid: 7bb2198b738d144db84b5121d7da0c95, type: 3}
      propertyPath: m_LocalPosition.x
      value: -0.12
      objectReference: {fileID: 0}
    - target: {fileID: 6020473176486599644, guid: 7bb2198b738d144db84b5121d7da0c95, type: 3}
      propertyPath: m_LocalPosition.y
      value: -0.482
      objectReference: {fileID: 0}
    - target: {fileID: 6020473176486599644, guid: 7bb2198b738d144db84b5121d7da0c95, type: 3}
      propertyPath: m_LocalPosition.z
      value: 14.69
      objectReference: {fileID: 0}
    - target: {fileID: 6020473176486599644, guid: 7bb2198b738d144db84b5121d7da0c95, type: 3}
      propertyPath: m_LocalRotation.w
      value: 1
      objectReference: {fileID: 0}
    - target: {fileID: 6020473176486599644, guid: 7bb2198b738d144db84b5121d7da0c95, type: 3}
      propertyPath: m_LocalRotation.x
      value: 0
      objectReference: {fileID: 0}
    - target: {fileID: 6020473176486599644, guid: 7bb2198b738d144db84b5121d7da0c95, type: 3}
      propertyPath: m_LocalRotation.y
      value: -0
      objectReference: {fileID: 0}
    - target: {fileID: 6020473176486599644, guid: 7bb2198b738d144db84b5121d7da0c95, type: 3}
      propertyPath: m_LocalRotation.z
      value: -0
      objectReference: {fileID: 0}
    - target: {fileID: 6020473176486599644, guid: 7bb2198b738d144db84b5121d7da0c95, type: 3}
      propertyPath: m_LocalEulerAnglesHint.x
      value: 0
      objectReference: {fileID: 0}
    - target: {fileID: 6020473176486599644, guid: 7bb2198b738d144db84b5121d7da0c95, type: 3}
      propertyPath: m_LocalEulerAnglesHint.y
      value: 0
      objectReference: {fileID: 0}
    - target: {fileID: 6020473176486599644, guid: 7bb2198b738d144db84b5121d7da0c95, type: 3}
      propertyPath: m_LocalEulerAnglesHint.z
      value: 0
      objectReference: {fileID: 0}
    m_RemovedComponents: []
  m_SourcePrefab: {fileID: 100100000, guid: 7bb2198b738d144db84b5121d7da0c95, type: 3}
--- !u!4 &950224966 stripped
Transform:
  m_CorrespondingSourceObject: {fileID: 6020473176486599644, guid: 7bb2198b738d144db84b5121d7da0c95, type: 3}
  m_PrefabInstance: {fileID: 950224965}
  m_PrefabAsset: {fileID: 0}
--- !u!1 &1088196088
GameObject:
  m_ObjectHideFlags: 0
  m_CorrespondingSourceObject: {fileID: 0}
  m_PrefabInstance: {fileID: 0}
  m_PrefabAsset: {fileID: 0}
  serializedVersion: 6
  m_Component:
  - component: {fileID: 1088196090}
  - component: {fileID: 1088196089}
  m_Layer: 0
  m_Name: Holder (1)
  m_TagString: Untagged
  m_Icon: {fileID: 0}
  m_NavMeshLayer: 0
  m_StaticEditorFlags: 0
  m_IsActive: 1
--- !u!114 &1088196089
MonoBehaviour:
  m_ObjectHideFlags: 0
  m_CorrespondingSourceObject: {fileID: 0}
  m_PrefabInstance: {fileID: 0}
  m_PrefabAsset: {fileID: 0}
  m_GameObject: {fileID: 1088196088}
  m_Enabled: 1
  m_EditorHideFlags: 0
  m_Script: {fileID: 11500000, guid: 035a3e1ad457944e3b642ea4c1fe2cde, type: 3}
  m_Name: 
  m_EditorClassIdentifier: 
--- !u!4 &1088196090
Transform:
  m_ObjectHideFlags: 0
  m_CorrespondingSourceObject: {fileID: 0}
  m_PrefabInstance: {fileID: 0}
  m_PrefabAsset: {fileID: 0}
  m_GameObject: {fileID: 1088196088}
  m_LocalRotation: {x: -0, y: -0, z: -0, w: 1}
  m_LocalPosition: {x: 0, y: 0, z: 0}
  m_LocalScale: {x: 1, y: 1, z: 1}
  m_Children:
  - {fileID: 134557487}
  - {fileID: 119348888}
  - {fileID: 1269756681}
  - {fileID: 2133242694}
  - {fileID: 766004079}
  - {fileID: 1696364626}
  - {fileID: 400390809}
  - {fileID: 2053634906}
  - {fileID: 442564549}
  - {fileID: 711873016}
  - {fileID: 950224966}
  - {fileID: 16000491}
  - {fileID: 308294763}
  m_Father: {fileID: 0}
  m_RootOrder: 3
  m_LocalEulerAnglesHint: {x: 0, y: 0, z: 0}
--- !u!1001 &1269756680
PrefabInstance:
  m_ObjectHideFlags: 0
  serializedVersion: 2
  m_Modification:
    m_TransformParent: {fileID: 1088196090}
    m_Modifications:
    - target: {fileID: 6016996094377346258, guid: 7bb2198b738d144db84b5121d7da0c95, type: 3}
      propertyPath: m_Name
      value: Crate
      objectReference: {fileID: 0}
    - target: {fileID: 6016996094377346258, guid: 7bb2198b738d144db84b5121d7da0c95, type: 3}
      propertyPath: m_TagString
      value: kill
      objectReference: {fileID: 0}
    - target: {fileID: 6020473176486599644, guid: 7bb2198b738d144db84b5121d7da0c95, type: 3}
      propertyPath: m_RootOrder
      value: 2
      objectReference: {fileID: 0}
    - target: {fileID: 6020473176486599644, guid: 7bb2198b738d144db84b5121d7da0c95, type: 3}
      propertyPath: m_LocalPosition.x
      value: -1.67
      objectReference: {fileID: 0}
    - target: {fileID: 6020473176486599644, guid: 7bb2198b738d144db84b5121d7da0c95, type: 3}
      propertyPath: m_LocalPosition.y
      value: -0.482
      objectReference: {fileID: 0}
    - target: {fileID: 6020473176486599644, guid: 7bb2198b738d144db84b5121d7da0c95, type: 3}
      propertyPath: m_LocalPosition.z
      value: 12.29
      objectReference: {fileID: 0}
    - target: {fileID: 6020473176486599644, guid: 7bb2198b738d144db84b5121d7da0c95, type: 3}
      propertyPath: m_LocalRotation.w
      value: 1
      objectReference: {fileID: 0}
    - target: {fileID: 6020473176486599644, guid: 7bb2198b738d144db84b5121d7da0c95, type: 3}
      propertyPath: m_LocalRotation.x
      value: 0
      objectReference: {fileID: 0}
    - target: {fileID: 6020473176486599644, guid: 7bb2198b738d144db84b5121d7da0c95, type: 3}
      propertyPath: m_LocalRotation.y
      value: -0
      objectReference: {fileID: 0}
    - target: {fileID: 6020473176486599644, guid: 7bb2198b738d144db84b5121d7da0c95, type: 3}
      propertyPath: m_LocalRotation.z
      value: -0
      objectReference: {fileID: 0}
    - target: {fileID: 6020473176486599644, guid: 7bb2198b738d144db84b5121d7da0c95, type: 3}
      propertyPath: m_LocalEulerAnglesHint.x
      value: 0
      objectReference: {fileID: 0}
    - target: {fileID: 6020473176486599644, guid: 7bb2198b738d144db84b5121d7da0c95, type: 3}
      propertyPath: m_LocalEulerAnglesHint.y
      value: 0
      objectReference: {fileID: 0}
    - target: {fileID: 6020473176486599644, guid: 7bb2198b738d144db84b5121d7da0c95, type: 3}
      propertyPath: m_LocalEulerAnglesHint.z
      value: 0
      objectReference: {fileID: 0}
    m_RemovedComponents: []
  m_SourcePrefab: {fileID: 100100000, guid: 7bb2198b738d144db84b5121d7da0c95, type: 3}
--- !u!4 &1269756681 stripped
Transform:
  m_CorrespondingSourceObject: {fileID: 6020473176486599644, guid: 7bb2198b738d144db84b5121d7da0c95, type: 3}
  m_PrefabInstance: {fileID: 1269756680}
  m_PrefabAsset: {fileID: 0}
--- !u!1001 &1601925250
PrefabInstance:
  m_ObjectHideFlags: 0
  serializedVersion: 2
  m_Modification:
    m_TransformParent: {fileID: 67265785}
    m_Modifications:
    - target: {fileID: 6016996094377346258, guid: 7bb2198b738d144db84b5121d7da0c95, type: 3}
      propertyPath: m_Name
      value: Crate
      objectReference: {fileID: 0}
    - target: {fileID: 6016996094377346258, guid: 7bb2198b738d144db84b5121d7da0c95, type: 3}
      propertyPath: m_TagString
      value: kill
      objectReference: {fileID: 0}
    - target: {fileID: 6020473176486599644, guid: 7bb2198b738d144db84b5121d7da0c95, type: 3}
      propertyPath: m_RootOrder
      value: 5
      objectReference: {fileID: 0}
    - target: {fileID: 6020473176486599644, guid: 7bb2198b738d144db84b5121d7da0c95, type: 3}
      propertyPath: m_LocalPosition.x
      value: -0.12
      objectReference: {fileID: 0}
    - target: {fileID: 6020473176486599644, guid: 7bb2198b738d144db84b5121d7da0c95, type: 3}
      propertyPath: m_LocalPosition.y
      value: -0.482
      objectReference: {fileID: 0}
    - target: {fileID: 6020473176486599644, guid: 7bb2198b738d144db84b5121d7da0c95, type: 3}
      propertyPath: m_LocalPosition.z
      value: 10.93
      objectReference: {fileID: 0}
    - target: {fileID: 6020473176486599644, guid: 7bb2198b738d144db84b5121d7da0c95, type: 3}
      propertyPath: m_LocalRotation.w
      value: 1
      objectReference: {fileID: 0}
    - target: {fileID: 6020473176486599644, guid: 7bb2198b738d144db84b5121d7da0c95, type: 3}
      propertyPath: m_LocalRotation.x
      value: 0
      objectReference: {fileID: 0}
    - target: {fileID: 6020473176486599644, guid: 7bb2198b738d144db84b5121d7da0c95, type: 3}
      propertyPath: m_LocalRotation.y
      value: -0
      objectReference: {fileID: 0}
    - target: {fileID: 6020473176486599644, guid: 7bb2198b738d144db84b5121d7da0c95, type: 3}
      propertyPath: m_LocalRotation.z
      value: -0
      objectReference: {fileID: 0}
    - target: {fileID: 6020473176486599644, guid: 7bb2198b738d144db84b5121d7da0c95, type: 3}
      propertyPath: m_LocalEulerAnglesHint.x
      value: 0
      objectReference: {fileID: 0}
    - target: {fileID: 6020473176486599644, guid: 7bb2198b738d144db84b5121d7da0c95, type: 3}
      propertyPath: m_LocalEulerAnglesHint.y
      value: 0
      objectReference: {fileID: 0}
    - target: {fileID: 6020473176486599644, guid: 7bb2198b738d144db84b5121d7da0c95, type: 3}
      propertyPath: m_LocalEulerAnglesHint.z
      value: 0
      objectReference: {fileID: 0}
    m_RemovedComponents: []
  m_SourcePrefab: {fileID: 100100000, guid: 7bb2198b738d144db84b5121d7da0c95, type: 3}
--- !u!1001 &1655241891
PrefabInstance:
  m_ObjectHideFlags: 0
  serializedVersion: 2
  m_Modification:
    m_TransformParent: {fileID: 67265785}
    m_Modifications:
    - target: {fileID: 3819804344012945496, guid: 2d525a99f930a428a8bf35795f1418cd, type: 3}
      propertyPath: m_Name
      value: Cylinder
      objectReference: {fileID: 0}
    - target: {fileID: 3819804344012945496, guid: 2d525a99f930a428a8bf35795f1418cd, type: 3}
      propertyPath: m_TagString
      value: kill
      objectReference: {fileID: 0}
    - target: {fileID: 3825046587051241998, guid: 2d525a99f930a428a8bf35795f1418cd, type: 3}
      propertyPath: m_RootOrder
      value: 3
      objectReference: {fileID: 0}
    - target: {fileID: 3825046587051241998, guid: 2d525a99f930a428a8bf35795f1418cd, type: 3}
      propertyPath: m_LocalPosition.x
      value: -1.54
      objectReference: {fileID: 0}
    - target: {fileID: 3825046587051241998, guid: 2d525a99f930a428a8bf35795f1418cd, type: 3}
      propertyPath: m_LocalPosition.y
      value: -0.466
      objectReference: {fileID: 0}
    - target: {fileID: 3825046587051241998, guid: 2d525a99f930a428a8bf35795f1418cd, type: 3}
      propertyPath: m_LocalPosition.z
      value: 11.94
      objectReference: {fileID: 0}
    - target: {fileID: 3825046587051241998, guid: 2d525a99f930a428a8bf35795f1418cd, type: 3}
      propertyPath: m_LocalRotation.w
      value: 1
      objectReference: {fileID: 0}
    - target: {fileID: 3825046587051241998, guid: 2d525a99f930a428a8bf35795f1418cd, type: 3}
      propertyPath: m_LocalRotation.x
      value: 0
      objectReference: {fileID: 0}
    - target: {fileID: 3825046587051241998, guid: 2d525a99f930a428a8bf35795f1418cd, type: 3}
      propertyPath: m_LocalRotation.y
      value: -0
      objectReference: {fileID: 0}
    - target: {fileID: 3825046587051241998, guid: 2d525a99f930a428a8bf35795f1418cd, type: 3}
      propertyPath: m_LocalRotation.z
      value: -0
      objectReference: {fileID: 0}
    - target: {fileID: 3825046587051241998, guid: 2d525a99f930a428a8bf35795f1418cd, type: 3}
      propertyPath: m_LocalEulerAnglesHint.x
      value: 0
      objectReference: {fileID: 0}
    - target: {fileID: 3825046587051241998, guid: 2d525a99f930a428a8bf35795f1418cd, type: 3}
      propertyPath: m_LocalEulerAnglesHint.y
      value: 0
      objectReference: {fileID: 0}
    - target: {fileID: 3825046587051241998, guid: 2d525a99f930a428a8bf35795f1418cd, type: 3}
      propertyPath: m_LocalEulerAnglesHint.z
      value: 0
      objectReference: {fileID: 0}
    m_RemovedComponents: []
  m_SourcePrefab: {fileID: 100100000, guid: 2d525a99f930a428a8bf35795f1418cd, type: 3}
--- !u!1 &1666267296
GameObject:
  m_ObjectHideFlags: 0
  m_CorrespondingSourceObject: {fileID: 0}
  m_PrefabInstance: {fileID: 0}
  m_PrefabAsset: {fileID: 0}
  serializedVersion: 6
  m_Component:
  - component: {fileID: 1666267298}
  - component: {fileID: 1666267297}
  m_Layer: 0
  m_Name: Directional Light
  m_TagString: Untagged
  m_Icon: {fileID: 0}
  m_NavMeshLayer: 0
  m_StaticEditorFlags: 0
  m_IsActive: 1
--- !u!108 &1666267297
Light:
  m_ObjectHideFlags: 0
  m_CorrespondingSourceObject: {fileID: 0}
  m_PrefabInstance: {fileID: 0}
  m_PrefabAsset: {fileID: 0}
  m_GameObject: {fileID: 1666267296}
  m_Enabled: 1
  serializedVersion: 10
  m_Type: 1
  m_Shape: 0
  m_Color: {r: 1, g: 0.95686275, b: 0.8392157, a: 1}
  m_Intensity: 1
  m_Range: 10
  m_SpotAngle: 30
  m_InnerSpotAngle: 21.80208
  m_CookieSize: 10
  m_Shadows:
    m_Type: 2
    m_Resolution: -1
    m_CustomResolution: -1
    m_Strength: 1
    m_Bias: 0.05
    m_NormalBias: 0.4
    m_NearPlane: 0.2
    m_CullingMatrixOverride:
      e00: 1
      e01: 0
      e02: 0
      e03: 0
      e10: 0
      e11: 1
      e12: 0
      e13: 0
      e20: 0
      e21: 0
      e22: 1
      e23: 0
      e30: 0
      e31: 0
      e32: 0
      e33: 1
    m_UseCullingMatrixOverride: 0
  m_Cookie: {fileID: 0}
  m_DrawHalo: 0
  m_Flare: {fileID: 0}
  m_RenderMode: 0
  m_CullingMask:
    serializedVersion: 2
    m_Bits: 4294967295
  m_RenderingLayerMask: 1
  m_Lightmapping: 4
  m_LightShadowCasterMode: 0
  m_AreaSize: {x: 1, y: 1}
  m_BounceIntensity: 1
  m_ColorTemperature: 6570
  m_UseColorTemperature: 0
  m_BoundingSphereOverride: {x: 0, y: 0, z: 0, w: 0}
  m_UseBoundingSphereOverride: 0
  m_UseViewFrustumForShadowCasterCull: 1
  m_ShadowRadius: 0
  m_ShadowAngle: 0
--- !u!4 &1666267298
Transform:
  m_ObjectHideFlags: 0
  m_CorrespondingSourceObject: {fileID: 0}
  m_PrefabInstance: {fileID: 0}
  m_PrefabAsset: {fileID: 0}
  m_GameObject: {fileID: 1666267296}
  m_LocalRotation: {x: 0.40821788, y: -0.23456968, z: 0.10938163, w: 0.8754261}
  m_LocalPosition: {x: 0, y: 3, z: 0}
  m_LocalScale: {x: 1, y: 1, z: 1}
  m_Children: []
  m_Father: {fileID: 0}
  m_RootOrder: 1
  m_LocalEulerAnglesHint: {x: 50, y: -30, z: 0}
--- !u!1001 &1696364625
PrefabInstance:
  m_ObjectHideFlags: 0
  serializedVersion: 2
  m_Modification:
    m_TransformParent: {fileID: 1088196090}
    m_Modifications:
    - target: {fileID: 3819804344012945496, guid: 2d525a99f930a428a8bf35795f1418cd, type: 3}
      propertyPath: m_Name
      value: Cylinder
      objectReference: {fileID: 0}
    - target: {fileID: 3819804344012945496, guid: 2d525a99f930a428a8bf35795f1418cd, type: 3}
      propertyPath: m_IsActive
      value: 1
      objectReference: {fileID: 0}
    - target: {fileID: 3819804344012945496, guid: 2d525a99f930a428a8bf35795f1418cd, type: 3}
      propertyPath: m_TagString
      value: kill
      objectReference: {fileID: 0}
    - target: {fileID: 3825046587051241998, guid: 2d525a99f930a428a8bf35795f1418cd, type: 3}
      propertyPath: m_RootOrder
      value: 5
      objectReference: {fileID: 0}
    - target: {fileID: 3825046587051241998, guid: 2d525a99f930a428a8bf35795f1418cd, type: 3}
      propertyPath: m_LocalPosition.x
      value: -1.78
      objectReference: {fileID: 0}
    - target: {fileID: 3825046587051241998, guid: 2d525a99f930a428a8bf35795f1418cd, type: 3}
      propertyPath: m_LocalPosition.y
      value: -0.466
      objectReference: {fileID: 0}
    - target: {fileID: 3825046587051241998, guid: 2d525a99f930a428a8bf35795f1418cd, type: 3}
      propertyPath: m_LocalPosition.z
      value: 52.86
      objectReference: {fileID: 0}
    - target: {fileID: 3825046587051241998, guid: 2d525a99f930a428a8bf35795f1418cd, type: 3}
      propertyPath: m_LocalRotation.w
      value: 1
      objectReference: {fileID: 0}
    - target: {fileID: 3825046587051241998, guid: 2d525a99f930a428a8bf35795f1418cd, type: 3}
      propertyPath: m_LocalRotation.x
      value: 0
      objectReference: {fileID: 0}
    - target: {fileID: 3825046587051241998, guid: 2d525a99f930a428a8bf35795f1418cd, type: 3}
      propertyPath: m_LocalRotation.y
      value: -0
      objectReference: {fileID: 0}
    - target: {fileID: 3825046587051241998, guid: 2d525a99f930a428a8bf35795f1418cd, type: 3}
      propertyPath: m_LocalRotation.z
      value: -0
      objectReference: {fileID: 0}
    - target: {fileID: 3825046587051241998, guid: 2d525a99f930a428a8bf35795f1418cd, type: 3}
      propertyPath: m_LocalEulerAnglesHint.x
      value: 0
      objectReference: {fileID: 0}
    - target: {fileID: 3825046587051241998, guid: 2d525a99f930a428a8bf35795f1418cd, type: 3}
      propertyPath: m_LocalEulerAnglesHint.y
      value: 0
      objectReference: {fileID: 0}
    - target: {fileID: 3825046587051241998, guid: 2d525a99f930a428a8bf35795f1418cd, type: 3}
      propertyPath: m_LocalEulerAnglesHint.z
      value: 0
      objectReference: {fileID: 0}
    m_RemovedComponents: []
  m_SourcePrefab: {fileID: 100100000, guid: 2d525a99f930a428a8bf35795f1418cd, type: 3}
--- !u!4 &1696364626 stripped
Transform:
  m_CorrespondingSourceObject: {fileID: 3825046587051241998, guid: 2d525a99f930a428a8bf35795f1418cd, type: 3}
  m_PrefabInstance: {fileID: 1696364625}
  m_PrefabAsset: {fileID: 0}
--- !u!1001 &1781654736
PrefabInstance:
  m_ObjectHideFlags: 0
  serializedVersion: 2
  m_Modification:
    m_TransformParent: {fileID: 67265785}
    m_Modifications:
    - target: {fileID: 2810595616324859269, guid: 77bb762421e454adbaad5303257eff6c, type: 3}
      propertyPath: m_Name
      value: Tube
      objectReference: {fileID: 0}
    - target: {fileID: 2810595616324859269, guid: 77bb762421e454adbaad5303257eff6c, type: 3}
      propertyPath: m_TagString
      value: knock
      objectReference: {fileID: 0}
    - target: {fileID: 2812581528035547993, guid: 77bb762421e454adbaad5303257eff6c, type: 3}
      propertyPath: m_RootOrder
      value: 0
      objectReference: {fileID: 0}
    - target: {fileID: 2812581528035547993, guid: 77bb762421e454adbaad5303257eff6c, type: 3}
      propertyPath: m_LocalPosition.x
      value: 1.62
      objectReference: {fileID: 0}
    - target: {fileID: 2812581528035547993, guid: 77bb762421e454adbaad5303257eff6c, type: 3}
      propertyPath: m_LocalPosition.y
      value: -0.473
      objectReference: {fileID: 0}
    - target: {fileID: 2812581528035547993, guid: 77bb762421e454adbaad5303257eff6c, type: 3}
      propertyPath: m_LocalPosition.z
      value: 70.62
      objectReference: {fileID: 0}
    - target: {fileID: 2812581528035547993, guid: 77bb762421e454adbaad5303257eff6c, type: 3}
      propertyPath: m_LocalRotation.w
      value: 1
      objectReference: {fileID: 0}
    - target: {fileID: 2812581528035547993, guid: 77bb762421e454adbaad5303257eff6c, type: 3}
      propertyPath: m_LocalRotation.x
      value: 0
      objectReference: {fileID: 0}
    - target: {fileID: 2812581528035547993, guid: 77bb762421e454adbaad5303257eff6c, type: 3}
      propertyPath: m_LocalRotation.y
      value: -0
      objectReference: {fileID: 0}
    - target: {fileID: 2812581528035547993, guid: 77bb762421e454adbaad5303257eff6c, type: 3}
      propertyPath: m_LocalRotation.z
      value: -0
      objectReference: {fileID: 0}
    - target: {fileID: 2812581528035547993, guid: 77bb762421e454adbaad5303257eff6c, type: 3}
      propertyPath: m_LocalEulerAnglesHint.x
      value: 0
      objectReference: {fileID: 0}
    - target: {fileID: 2812581528035547993, guid: 77bb762421e454adbaad5303257eff6c, type: 3}
      propertyPath: m_LocalEulerAnglesHint.y
      value: 0
      objectReference: {fileID: 0}
    - target: {fileID: 2812581528035547993, guid: 77bb762421e454adbaad5303257eff6c, type: 3}
      propertyPath: m_LocalEulerAnglesHint.z
      value: 0
      objectReference: {fileID: 0}
    m_RemovedComponents: []
  m_SourcePrefab: {fileID: 100100000, guid: 77bb762421e454adbaad5303257eff6c, type: 3}
--- !u!1001 &1936929429
PrefabInstance:
  m_ObjectHideFlags: 0
  serializedVersion: 2
  m_Modification:
    m_TransformParent: {fileID: 67265785}
    m_Modifications:
    - target: {fileID: 5720420713903253361, guid: 654e2a2aacea1417eb808a3e3374af84, type: 3}
      propertyPath: m_RootOrder
      value: 2
      objectReference: {fileID: 0}
    - target: {fileID: 5720420713903253361, guid: 654e2a2aacea1417eb808a3e3374af84, type: 3}
      propertyPath: m_LocalPosition.x
      value: -1.713
      objectReference: {fileID: 0}
    - target: {fileID: 5720420713903253361, guid: 654e2a2aacea1417eb808a3e3374af84, type: 3}
      propertyPath: m_LocalPosition.y
      value: -0.493
      objectReference: {fileID: 0}
    - target: {fileID: 5720420713903253361, guid: 654e2a2aacea1417eb808a3e3374af84, type: 3}
      propertyPath: m_LocalPosition.z
      value: 8.57
      objectReference: {fileID: 0}
    - target: {fileID: 5720420713903253361, guid: 654e2a2aacea1417eb808a3e3374af84, type: 3}
      propertyPath: m_LocalRotation.w
      value: 1
      objectReference: {fileID: 0}
    - target: {fileID: 5720420713903253361, guid: 654e2a2aacea1417eb808a3e3374af84, type: 3}
      propertyPath: m_LocalRotation.x
      value: 0
      objectReference: {fileID: 0}
    - target: {fileID: 5720420713903253361, guid: 654e2a2aacea1417eb808a3e3374af84, type: 3}
      propertyPath: m_LocalRotation.y
      value: -0
      objectReference: {fileID: 0}
    - target: {fileID: 5720420713903253361, guid: 654e2a2aacea1417eb808a3e3374af84, type: 3}
      propertyPath: m_LocalRotation.z
      value: -0
      objectReference: {fileID: 0}
    - target: {fileID: 5720420713903253361, guid: 654e2a2aacea1417eb808a3e3374af84, type: 3}
      propertyPath: m_LocalEulerAnglesHint.x
      value: 0
      objectReference: {fileID: 0}
    - target: {fileID: 5720420713903253361, guid: 654e2a2aacea1417eb808a3e3374af84, type: 3}
      propertyPath: m_LocalEulerAnglesHint.y
      value: 0
      objectReference: {fileID: 0}
    - target: {fileID: 5720420713903253361, guid: 654e2a2aacea1417eb808a3e3374af84, type: 3}
      propertyPath: m_LocalEulerAnglesHint.z
      value: 0
      objectReference: {fileID: 0}
    - target: {fileID: 5725325448574258481, guid: 654e2a2aacea1417eb808a3e3374af84, type: 3}
      propertyPath: m_Name
      value: Sphere
      objectReference: {fileID: 0}
    - target: {fileID: 5725325448574258481, guid: 654e2a2aacea1417eb808a3e3374af84, type: 3}
      propertyPath: m_TagString
      value: kill
      objectReference: {fileID: 0}
    m_RemovedComponents: []
  m_SourcePrefab: {fileID: 100100000, guid: 654e2a2aacea1417eb808a3e3374af84, type: 3}
--- !u!1001 &2053634905
PrefabInstance:
  m_ObjectHideFlags: 0
  serializedVersion: 2
  m_Modification:
    m_TransformParent: {fileID: 1088196090}
    m_Modifications:
    - target: {fileID: 7639531188474858879, guid: 1c53bb5660b9b439e9bee30a0fae0fd0, type: 3}
      propertyPath: m_Name
      value: Cube
      objectReference: {fileID: 0}
    - target: {fileID: 7639531188474858879, guid: 1c53bb5660b9b439e9bee30a0fae0fd0, type: 3}
      propertyPath: m_IsActive
      value: 1
      objectReference: {fileID: 0}
    - target: {fileID: 7639531188474858879, guid: 1c53bb5660b9b439e9bee30a0fae0fd0, type: 3}
      propertyPath: m_TagString
      value: kill
      objectReference: {fileID: 0}
    - target: {fileID: 7643653647665453695, guid: 1c53bb5660b9b439e9bee30a0fae0fd0, type: 3}
      propertyPath: m_RootOrder
      value: 7
      objectReference: {fileID: 0}
    - target: {fileID: 7643653647665453695, guid: 1c53bb5660b9b439e9bee30a0fae0fd0, type: 3}
      propertyPath: m_LocalPosition.x
      value: -0.50000006
      objectReference: {fileID: 0}
    - target: {fileID: 7643653647665453695, guid: 1c53bb5660b9b439e9bee30a0fae0fd0, type: 3}
      propertyPath: m_LocalPosition.y
      value: -0.981
      objectReference: {fileID: 0}
    - target: {fileID: 7643653647665453695, guid: 1c53bb5660b9b439e9bee30a0fae0fd0, type: 3}
      propertyPath: m_LocalPosition.z
      value: 26.24
      objectReference: {fileID: 0}
    - target: {fileID: 7643653647665453695, guid: 1c53bb5660b9b439e9bee30a0fae0fd0, type: 3}
      propertyPath: m_LocalRotation.w
      value: 1
      objectReference: {fileID: 0}
    - target: {fileID: 7643653647665453695, guid: 1c53bb5660b9b439e9bee30a0fae0fd0, type: 3}
      propertyPath: m_LocalRotation.x
      value: 0
      objectReference: {fileID: 0}
    - target: {fileID: 7643653647665453695, guid: 1c53bb5660b9b439e9bee30a0fae0fd0, type: 3}
      propertyPath: m_LocalRotation.y
      value: -0
      objectReference: {fileID: 0}
    - target: {fileID: 7643653647665453695, guid: 1c53bb5660b9b439e9bee30a0fae0fd0, type: 3}
      propertyPath: m_LocalRotation.z
      value: -0
      objectReference: {fileID: 0}
    - target: {fileID: 7643653647665453695, guid: 1c53bb5660b9b439e9bee30a0fae0fd0, type: 3}
      propertyPath: m_LocalEulerAnglesHint.x
      value: 0
      objectReference: {fileID: 0}
    - target: {fileID: 7643653647665453695, guid: 1c53bb5660b9b439e9bee30a0fae0fd0, type: 3}
      propertyPath: m_LocalEulerAnglesHint.y
      value: 0
      objectReference: {fileID: 0}
    - target: {fileID: 7643653647665453695, guid: 1c53bb5660b9b439e9bee30a0fae0fd0, type: 3}
      propertyPath: m_LocalEulerAnglesHint.z
      value: 0
      objectReference: {fileID: 0}
    m_RemovedComponents: []
  m_SourcePrefab: {fileID: 100100000, guid: 1c53bb5660b9b439e9bee30a0fae0fd0, type: 3}
--- !u!4 &2053634906 stripped
Transform:
  m_CorrespondingSourceObject: {fileID: 7643653647665453695, guid: 1c53bb5660b9b439e9bee30a0fae0fd0, type: 3}
  m_PrefabInstance: {fileID: 2053634905}
  m_PrefabAsset: {fileID: 0}
--- !u!1001 &2087652981
PrefabInstance:
  m_ObjectHideFlags: 0
  serializedVersion: 2
  m_Modification:
    m_TransformParent: {fileID: 67265785}
    m_Modifications:
    - target: {fileID: 7639531188474858879, guid: 1c53bb5660b9b439e9bee30a0fae0fd0, type: 3}
      propertyPath: m_Name
      value: Cube
      objectReference: {fileID: 0}
    - target: {fileID: 7639531188474858879, guid: 1c53bb5660b9b439e9bee30a0fae0fd0, type: 3}
      propertyPath: m_TagString
      value: knock
      objectReference: {fileID: 0}
    - target: {fileID: 7643653647665453695, guid: 1c53bb5660b9b439e9bee30a0fae0fd0, type: 3}
      propertyPath: m_RootOrder
      value: 4
      objectReference: {fileID: 0}
    - target: {fileID: 7643653647665453695, guid: 1c53bb5660b9b439e9bee30a0fae0fd0, type: 3}
      propertyPath: m_LocalPosition.x
      value: 1.21
      objectReference: {fileID: 0}
    - target: {fileID: 7643653647665453695, guid: 1c53bb5660b9b439e9bee30a0fae0fd0, type: 3}
      propertyPath: m_LocalPosition.y
      value: -0.981
      objectReference: {fileID: 0}
    - target: {fileID: 7643653647665453695, guid: 1c53bb5660b9b439e9bee30a0fae0fd0, type: 3}
      propertyPath: m_LocalPosition.z
      value: 10.41
      objectReference: {fileID: 0}
    - target: {fileID: 7643653647665453695, guid: 1c53bb5660b9b439e9bee30a0fae0fd0, type: 3}
      propertyPath: m_LocalRotation.w
      value: 1
      objectReference: {fileID: 0}
    - target: {fileID: 7643653647665453695, guid: 1c53bb5660b9b439e9bee30a0fae0fd0, type: 3}
      propertyPath: m_LocalRotation.x
      value: 0
      objectReference: {fileID: 0}
    - target: {fileID: 7643653647665453695, guid: 1c53bb5660b9b439e9bee30a0fae0fd0, type: 3}
      propertyPath: m_LocalRotation.y
      value: -0
      objectReference: {fileID: 0}
    - target: {fileID: 7643653647665453695, guid: 1c53bb5660b9b439e9bee30a0fae0fd0, type: 3}
      propertyPath: m_LocalRotation.z
      value: -0
      objectReference: {fileID: 0}
    - target: {fileID: 7643653647665453695, guid: 1c53bb5660b9b439e9bee30a0fae0fd0, type: 3}
      propertyPath: m_LocalEulerAnglesHint.x
      value: 0
      objectReference: {fileID: 0}
    - target: {fileID: 7643653647665453695, guid: 1c53bb5660b9b439e9bee30a0fae0fd0, type: 3}
      propertyPath: m_LocalEulerAnglesHint.y
      value: 0
      objectReference: {fileID: 0}
    - target: {fileID: 7643653647665453695, guid: 1c53bb5660b9b439e9bee30a0fae0fd0, type: 3}
      propertyPath: m_LocalEulerAnglesHint.z
      value: 0
      objectReference: {fileID: 0}
    m_RemovedComponents: []
  m_SourcePrefab: {fileID: 100100000, guid: 1c53bb5660b9b439e9bee30a0fae0fd0, type: 3}
--- !u!1001 &2133242693
PrefabInstance:
  m_ObjectHideFlags: 0
  serializedVersion: 2
  m_Modification:
    m_TransformParent: {fileID: 1088196090}
    m_Modifications:
    - target: {fileID: 3819804344012945496, guid: 2d525a99f930a428a8bf35795f1418cd, type: 3}
      propertyPath: m_Name
      value: Cylinder
      objectReference: {fileID: 0}
    - target: {fileID: 3819804344012945496, guid: 2d525a99f930a428a8bf35795f1418cd, type: 3}
      propertyPath: m_IsActive
      value: 1
      objectReference: {fileID: 0}
    - target: {fileID: 3819804344012945496, guid: 2d525a99f930a428a8bf35795f1418cd, type: 3}
      propertyPath: m_TagString
      value: kill
      objectReference: {fileID: 0}
    - target: {fileID: 3825046587051241998, guid: 2d525a99f930a428a8bf35795f1418cd, type: 3}
      propertyPath: m_RootOrder
      value: 3
      objectReference: {fileID: 0}
    - target: {fileID: 3825046587051241998, guid: 2d525a99f930a428a8bf35795f1418cd, type: 3}
      propertyPath: m_LocalPosition.x
      value: 1.58
      objectReference: {fileID: 0}
    - target: {fileID: 3825046587051241998, guid: 2d525a99f930a428a8bf35795f1418cd, type: 3}
      propertyPath: m_LocalPosition.y
      value: -0.466
      objectReference: {fileID: 0}
    - target: {fileID: 3825046587051241998, guid: 2d525a99f930a428a8bf35795f1418cd, type: 3}
      propertyPath: m_LocalPosition.z
      value: 52.86
      objectReference: {fileID: 0}
    - target: {fileID: 3825046587051241998, guid: 2d525a99f930a428a8bf35795f1418cd, type: 3}
      propertyPath: m_LocalRotation.w
      value: 1
      objectReference: {fileID: 0}
    - target: {fileID: 3825046587051241998, guid: 2d525a99f930a428a8bf35795f1418cd, type: 3}
      propertyPath: m_LocalRotation.x
      value: 0
      objectReference: {fileID: 0}
    - target: {fileID: 3825046587051241998, guid: 2d525a99f930a428a8bf35795f1418cd, type: 3}
      propertyPath: m_LocalRotation.y
      value: -0
      objectReference: {fileID: 0}
    - target: {fileID: 3825046587051241998, guid: 2d525a99f930a428a8bf35795f1418cd, type: 3}
      propertyPath: m_LocalRotation.z
      value: -0
      objectReference: {fileID: 0}
    - target: {fileID: 3825046587051241998, guid: 2d525a99f930a428a8bf35795f1418cd, type: 3}
      propertyPath: m_LocalEulerAnglesHint.x
      value: 0
      objectReference: {fileID: 0}
    - target: {fileID: 3825046587051241998, guid: 2d525a99f930a428a8bf35795f1418cd, type: 3}
      propertyPath: m_LocalEulerAnglesHint.y
      value: 0
      objectReference: {fileID: 0}
    - target: {fileID: 3825046587051241998, guid: 2d525a99f930a428a8bf35795f1418cd, type: 3}
      propertyPath: m_LocalEulerAnglesHint.z
      value: 0
      objectReference: {fileID: 0}
    m_RemovedComponents: []
  m_SourcePrefab: {fileID: 100100000, guid: 2d525a99f930a428a8bf35795f1418cd, type: 3}
--- !u!4 &2133242694 stripped
Transform:
  m_CorrespondingSourceObject: {fileID: 3825046587051241998, guid: 2d525a99f930a428a8bf35795f1418cd, type: 3}
  m_PrefabInstance: {fileID: 2133242693}
  m_PrefabAsset: {fileID: 0}
